<?xml version='1.0' encoding='UTF-8'?>
<record xmlns="http://www.loc.gov/MARC21/slim">
  <leader>01018cam a2200253 i 4500</leader>
  <controlfield tag="001">2725713</controlfield>
  <controlfield tag="003">NjP</controlfield>
  <controlfield tag="005">20171005172557.0</controlfield>
  <controlfield tag="008">780503s1969    iq abe        000 0 ara d</controlfield>
  <datafield tag="024" ind1="7" ind2=" ">
    <subfield code="a">princeton_aco002223</subfield>
    <subfield code="2">local</subfield>
  </datafield>
  <datafield ind1=" " ind2=" " tag="035">
    <subfield code="a">(OCoLC)ocm03859611</subfield>
  </datafield>
  <datafield ind1=" " ind2=" " tag="035">
    <subfield code="9">CNA9470TS</subfield>
  </datafield>
  <datafield ind1=" " ind2=" " tag="040">
    <subfield code="a">ZYU</subfield>
    <subfield code="c">ZYU</subfield>
    <subfield code="d">PUL</subfield>
  </datafield>
  <datafield ind1="1" ind2=" " tag="100">
    <subfield code="a">Jawād, Muṣṭafá,</subfield>
    <subfield code="d">1905-1969.</subfield>
    <subfield code="0">http://id.loc.gov/authorities/names/n82235754</subfield>
  </datafield>
  <datafield ind1="1" ind2="0" tag="245">
    <subfield code="a">Baghdad /</subfield>
    <subfield code="c">[by Musṭafa Jawad, Aḥmad Susa, et al.]</subfield>
  </datafield>
  <datafield ind1=" " ind2=" " tag="260">
    <subfield code="a">Baghdad :</subfield>
    <subfield code="b">Society of Iraqi Architects,</subfield>
    <subfield code="c">1969.</subfield>
  </datafield>
  <datafield ind1=" " ind2=" " tag="300">
    <subfield code="a">488 p. :</subfield>
    <subfield code="b">ill. (part col.), maps, plans ;</subfield>
    <subfield code="c">30 cm.</subfield>
  </datafield>
  <datafield ind1=" " ind2=" " tag="500">
    <subfield code="a">In Arabic.</subfield>
  </datafield>
  <datafield ind1=" " ind2=" " tag="500">
    <subfield code="a">Published with the assistance of the Gulbenkian Foundation.</subfield>
  </datafield>
  <datafield ind1=" " ind2=" " tag="500">
    <subfield code="a">Contributions by Mustafā Jawād, Ahmad Sūsah and others.</subfield>
  </datafield>
  <datafield ind1=" " ind2="0" tag="651">
    <subfield code="a">Baghdad (Iraq)</subfield>
    <subfield code="x">History.</subfield>
    <subfield code="0">http://id.loc.gov/authorities/subjects/sh2008114334</subfield>
  </datafield>
  <datafield ind1=" " ind2="0" tag="651">
    <subfield code="a">Baghdad (Iraq)</subfield>
    <subfield code="x">Description and travel.</subfield>
  </datafield>
  <datafield ind1="1" ind2=" " tag="700">
    <subfield code="a">Susa, Aḥmad.</subfield>
  </datafield>
  <datafield ind1=" " ind2=" " tag="945">
    <subfield code="a">F</subfield>
    <subfield code="b">1</subfield>
    <subfield code="c">2260.1397q</subfield>
  </datafield>
  <datafield ind1=" " ind2=" " tag="911">
    <subfield code="a">20000130</subfield>
  </datafield>
  <datafield ind1="0" ind2="0" tag="852">
    <subfield code="0">3036126</subfield>
    <subfield code="b">nec</subfield>
    <subfield code="t">1</subfield>
    <subfield code="c">Oversize</subfield>
    <subfield code="h">DS79.9.B25</subfield>
    <subfield code="i">J393 1969q</subfield>
  </datafield>
  <datafield ind1=" " ind2=" " tag="959">
    <subfield code="a">2001-10-26 17:14:59 -0400</subfield>
  </datafield>
</record>
